@article{ABINIT,
        author={X. Gonze and J.-M. Beuken and R. Caracas and F. Detraux and M. Fuchs and
                G.-M. Rignanese and L. Sindic and M. Verstraete and G. Zerah and F. Jollet
                and M. Torrent and A. Roy and M. Mikami and Ph. Ghosez and J.-Y. Raty and
                D.C. Allan},
        title={ First-principles computation of material properties: the ABINIT software project},
        journal={Comput. Mater. Sci},
        volume={25},
        year={2002},
        pages={478},
        note={see the URL \url{http://www.abinit.org}},
}
@article{ABINITbis,
        author={X. Gonze and G.-M. Rignanese and M. Verstraete and J.-M. Beuken and Y. Pouillon 
               and R. Caracas and F. Jollet and M. Torrent and G. Zerah and M. Mikami and 
               Ph. Ghosez and M. Veithen and J.-Y. Raty and V. Olevano and F. Bruneval and 
               L. Reining and R. Godby and G. Onida and D.R. Hamann and and D.C. Allan},
        title={A brief introduction to the ABINIT software package},
        journal={Zeit. Kristallogr.},
        volume={200},
        year={2005},
        pages={558-562},
        note={see the URL \url{http://www.abinit.org/about/zfk_0505-06_558-562.pdf}},
}
@Article{Blochl_PRB50_1994,
  Author         = {P.E. Bl{\"o}chl},
  Title          = {Projector augmented-wave method},
  Journal        = {Phys.\ Rev. B},
  Volume         = {50},
  Pages          = {17953},
  year           = 1994,
}
@Article{Vanderbilt_PRB41_1990,
  Author         = {D. Vanderbilt},
  Title          = {Soft self-consistent pseudopotentials in a generalized eigenvalue formalism},
  Journal        = {Phys.\ Rev. B},
  Volume         = {41},
  Pages          = {7892},
  year           = 1990,
}
@Article{Jiang_PRB70_2004,
  Author         = {D. E. Jiang and Emily A. Carter},
  Title          = {Diffusion of interstitial hydrogen into and through bcc Fe from first principles},
  Journal        = {Phys.\ Rev. B},
  Volume         = {70},
  Pages          = {064102},
  year           = 2004,
}

@Article{Kresse_SS459_2000,
  Author         = {G. Kresse and J. Hafner},
  Title          = {First-principles study of the adsorption of atomic H on Ni (111), (100) and (110) },
  Journal        = {Surf. Sci.},
  Volume         = {459},
  Pages          = {287-302},
  year           = 2000,
}
@Book{Huber_1979,
  Author         = {K. P. Huber and G. Hertzberg},
  Title          = {Molecular Spectra and Molecular Structure IV: Constants of Diatomic Molecules},
  Publisher      = {Van Norstrand Reinhold},
  Address        = {New York},
  year           = 1979,
}
@Misc{Tutorial2_ABINIT,
  note          = {see the URL \url{http://www.abinit.org/Infos_v5.0/tutorial/lesson_2.html}},
}
@Article{Kresse_PRB59_1999,
  Author         = {G. Kresse and D. Joubert},
  Title          = {From ultrasoft pseudopotentials to the projector augmented-wave method},
  Journal        = {Phys.\ Rev. B},
  Volume         = {59},
  Pages          = {1758},
  note           = {Note that the calculations are non-spin polarized, so various quantities (cohesive and binding energy, ...) are not taken into account. Note also that the volume of the Fe and Co hcp phases ($V_0=\frac{\sqrt{3} a^2 c}{2}$) are calculated by using an ideal ratio $c/a$=1.633.},
  year           = 1999,
}
@Article{Papaconstantopoulos_PRB65_2002,
  Author         = {D. A. Papaconstantopoulos and M. J. Mehl},
  Title          = {First-principles study of superconductivity in high-pressure boron},
  Journal        = {Phys.\ Rev. B},
  Volume         = {65},
  Pages          = {172510},
  year           = 2002,
}
@Article{Tackett_CPC135_2001,
  Author         = {A. R. Tackett and N. A. W. Holzwarth and G. E. Matthews},
  Title          = {A Projector Augmented Wave (PAW) code for electronic structure calculations, Part I: atompaw for generating atom-centered functions and Part II: pwpaw for periodic solids in a plane wave basis},
  Journal        = {Comp. Phys. Comm.},
  Volume         = {135},
  Pages          = {329-347},
  year           = 2001,
}
@Article{Holzwarth_PRB57_1998,
  Author         = {N. A. W. Holzwarth and G. E. Matthews and A. R. Tackett and R. B. Dunning},
  Title          = {Complete projector functions for the projector augmented wave (PAW) method of electronic structure calculations},
  Journal        = {Phys.\ Rev. B},
  Volume         = {57},
  Pages          = {11827},
  year           = 1998,
}
@Article{Holzwarth_PRB55_1997,
  Author         = {N.A. Holzwarth and G.E. Matthews and R.B. Dunning and A.R. Tackett and Y. Zeng},
  Title          = {Comparison of the projector augmented-wave, pseudopotential, and linearized augmented-plane-wave formalisms for density-functional calculations of solids},
  Journal        = {Phys.\ Rev. B},
  Volume         = {55},
  Pages          = {2005},
  note           = {Note that the calculations are non-spin polarized. So, various quantities (dimer, cohesive energy ...) are not taken into account.},
  year           = 1997,
}
@Book{Kittel_1996,
  Author         = {Charles Kittel},
  Title          = {Introduction to Solid State Physics},
  Publisher      = {Wiley},
  Address        = {New York},
  year           = 1996,
}
@Article{Paier_JCP122_2005,
  Author         = {J. Paier and R. Hirschl and M. Marsman and G. Kresse},
  Title          = {The Perdew-Burke-Ernzerhof exchange-correlation functional applied to the G2-1 test set using a plane-wave basis set},
  Journal        = {J. Chem. Phys.},
  Volume         = {122},
  Pages          = {234102},
  year           = 2005,
}
@Article{Geng_PRB70_2004,
  Author         = {H. Y. Geng and N. X. Chen and M. H. F. Sluiter},
  Title          = {First-principles equation of state and phase stability for the Ni-Al system under high pressures},
  Journal        = {Phys.\ Rev. B},
  Volume         = {70},
  Pages          = {094203},
  year           = 2004,
}
@Article{Jahnatek_PRB71_2005,
  Author         = {M. Jahnátek and M. Krajcí and J. Hafner},
  Title          = {Interatomic bonding, elastic properties, and ideal strength of transition metal aluminides: A case study for Ali$_3$(V,Ti)},
  Journal        = {Phys.\ Rev. B},
  Volume         = {71},
  Pages          = {024101},
  note           = {Note that the Titanium equilibrium volumes are false. There are computed again by using $a$ and $c$.},
  year           = 2005,
}
@Book{Simmons_1971,
  Author         = {G. Simmons and H. Wang},
  Title          = {Single Crystal Elastic Constants and Calculated Eleastic Properties: A Handbook},
  Publisher      = {MIT Press},
  Address        = {Cambridge, Mass. and London},
  year           = 1971,
}
@Article{Aguayo_PRB65_2002,
  Author         = {A. Aguayo and G. Murrieta and R. de Coss},
  Title          = {Elastic stability and electronic structure of fcc Ti, Zr, and Hf: A first-principles study},
  Journal        = {Phys.\ Rev. B},
  Volume         = {65},
  Pages          = {092106},
  year           = 2002,
}
@Book{Young_1991,
  Author         = {D. A. Young},
  Title          = {Phase Diagrams of the Elements},
  Publisher      = {University of California},
  Address        = {Berkeley},
  year           = 1991,
}
@Article{Stixrude_PRB50_1994,
  Author         = {Lars Stixrude and R. E. Cohen and D. J. Singh},
  Title          = {Iron at high pressure: Linearized-augmented-plane-wave computations in the generalized-gradient approximation},
  Journal        = {Phys.\ Rev. B},
  Volume         = {50},
  Pages          = {6442},
  year           = 1994,
}
@Article{Jing_PRB69_2003,
  Author         = {C. Jing and S. X. Cao and J. C. Zhang},
  Title          = {Lattice constant dependence of magnetic properties in bcc and fcc Fe$_x$Mn$_{1-x}$ alloys},
  Journal        = {Phys.\ Rev. B},
  Volume         = {68},
  Pages          = {224407},
  year           = 2003,
}
@Article{Gong_PRB69_2004,
  Author         = {H. R. Gong and L. T. Kong and B. X. Liu},
  Title          = {Structural stability and magnetic properties of metastable Fe-Cu alloys studied by {\it ab initio} calculations and molecular dynamics simulations},
  Journal        = {Phys.\ Rev. B},
  Volume         = {69},
  Pages          = {054203},
  year           = 2004,
}
@Article{Sigalas_PRB45_1992,
  Author         = {M. Sigalas and D. A. Papaconstantopoulos and N. C. Bacalis},
  Title          = {Total energy and band structure of the 3$d$, 4$d$, and 5$d$ metals},
  Journal        = {Phys.\ Rev. B},
  Volume         = {45},
  Pages          = {5777},
  year           = 1992,
}
@Article{Yu_PRB70_2004,
  Author         = {Dengke Yu and Matthias Scheffler},
  Title          = {First-principles study of low-index surfaces of lead},
  Journal        = {Phys.\ Rev. B},
  Volume         = {70},
  Pages          = {155417},
  year           = 2004,
}
@Article{Jones_PRB61_2000,
  Author         = {M. D. Jones and J. C. Boettger and R. C. Albers and D. J. Singh},
  Title          = {Theoretical atomic volumes of the light actinides},
  Journal        = {Phys.\ Rev. B},
  Volume         = {61},
  Pages          = {4644},
  year           = 2000,
}
@Article{Yang_PRB71_2005,
  Author         = {Jianjun Yang and Sheng Meng and Lifang Xu and E. G. Wang},
  Title          = {Water adsorption on hydroxylated silica surfaces studied using the density functional theory},
  Journal        = {Phys.\ Rev. B},
  Volume         = {71},
  Pages          = {035413},
  year           = 2005,
}
@Article{Geng_PRB68_2003,
  Author         = {W. T. Geng and Kwang S. Kim},
  Title          = {Structural, electronic, and magnetic properties of a ferromagnetic semiconductor: Co-doped TiO$_2$ rutile},
  Journal        = {Phys.\ Rev. B},
  Volume         = {68},
  Pages          = {125203},
  year           = 2003,
}
@Article{Dieguez_PRB69_2004,
  Author         = {Oswaldo Diéguez and Silvia Tinte and A. Antons and Claudia Bungaro and J. B. Neaton and Karin M. Rabe and David Vanderbilt},
  Title          = {Ab initio study of the phase diagram of epitaxial BaTiO$_3$},
  Journal        = {Phys.\ Rev. B},
  Volume         = {69},
  Pages          = {212101},
  year           = 2004,
}
@Article{Cencek_JPCA108_2004,
  Author         = { W. Cencek and M. Jeziorska and R. Bukowski and M. Jaszunski and B. Jeziorski and K. Szalewicz},
  Title          = {Helium Dimer Interaction Energies from Gaussian Geminal and Orbital Calculations},
  Journal        = {J. Phys. Chem. A},
  Volume         = {108},
  Pages          = {3211},
  year           = 2004,
}
